<?xml version="1.0" encoding="UTF-8"?>
<collection xmlns:xsi="http://www.w3.org/2001/XMLSchema-instance" xsi:schemaLocation="http://www.loc.gov/MARC21/slim http://www.loc.gov/standards/marcxml/schema/MARC21slim.xsd" xmlns="http://www.loc.gov/MARC21/slim">
<record>
  <leader>01785cam a2200325ua 4500</leader>
  <controlfield tag="001">3058904</controlfield>
  <controlfield tag="003">NNC</controlfield>
  <controlfield tag="005">20140126215148.0</controlfield>
  <controlfield tag="008">890602s1939    ua            000 0 araod</controlfield>
  <datafield tag="010" ind1=" " ind2=" ">
    <subfield code="a">   74288150 /NE</subfield>
  </datafield>
  <datafield tag="035" ind1=" " ind2=" ">
    <subfield code="a">(OCoLC)19806652</subfield>
  </datafield>
  <datafield tag="035" ind1=" " ind2=" ">
    <subfield code="a">(OCoLC)ocm19806652</subfield>
  </datafield>
  <datafield tag="035" ind1=" " ind2=" ">
    <subfield code="9">ATM7511CU</subfield>
  </datafield>
  <datafield tag="035" ind1=" " ind2=" ">
    <subfield code="a">(NNC)3058904</subfield>
  </datafield>
  <datafield tag="040" ind1=" " ind2=" ">
    <subfield code="a">DLC</subfield>
    <subfield code="c">WaU</subfield>
    <subfield code="d">WaU</subfield>
    <subfield code="d">CU</subfield>
    <subfield code="d">MiU</subfield>
  </datafield>
  <datafield tag="050" ind1="0" ind2=" ">
    <subfield code="a">BP195.B3</subfield>
    <subfield code="b">H35</subfield>
  </datafield>
  <datafield tag="066" ind1=" " ind2=" ">
    <subfield code="c">(3</subfield>
  </datafield>
  <datafield tag="100" ind1="1" ind2=" ">
    <subfield code="6">880-01</subfield>
    <subfield code="a">Ḥammādī, Muḥammad ibn Mālik,</subfield>
    <subfield code="d">-approximately 1077.</subfield>
  </datafield>
  <datafield tag="245" ind1="1" ind2="0">
    <subfield code="6">880-02</subfield>
    <subfield code="a">Kashf asrār al-Bāṭinīyah wa-akhbār al-Qarāmiṭah /</subfield>
    <subfield code="c">taʾlīf Muḥammad ibn Mālik ibn Abī al-Faḍāʾil al-Ḥammādī al-Yamānī ; bi-taqdimah wa-taʻlīq li-Muḥammad Zāhid ibn al-Ḥasan al-Kawtharī ; nasharahu wa-ṣaḥḥaḥahu wa-rājaʻa aṣlahu ʻIzzat al-ʻAṭṭār.</subfield>
  </datafield>
  <datafield tag="260" ind1=" " ind2=" ">
    <subfield code="6">880-03</subfield>
    <subfield code="a">[al-Qāhirah] :</subfield>
    <subfield code="b">Maṭbaʻat al-Anwār,</subfield>
    <subfield code="c">1939.</subfield>
  </datafield>
  <datafield tag="300" ind1=" " ind2=" ">
    <subfield code="a">44, 2 p.</subfield>
    <subfield code="c">28 cm.</subfield>
  </datafield>
  <datafield tag="500" ind1=" " ind2=" ">
    <subfield code="a">"Ṣuḥḥiḥa ʻalá al-nuskhah al-fūtūghrāfīyah al-waḥīdah bi-Dār al-Kutub al-Miṣrīyah".</subfield>
  </datafield>
  <datafield tag="650" ind1=" " ind2="0">
    <subfield code="a">Batinites.</subfield>
  </datafield>
  <datafield tag="700" ind1="1" ind2=" ">
    <subfield code="6">880-04</subfield>
    <subfield code="a">Kawtharī, Muḥammad Zāhid ibn al-Ḥasan.</subfield>
  </datafield>
  <datafield tag="880" ind1="0" ind2=" ">
    <subfield code="6">100-01/(3/r</subfield>
    <subfield code="a">محمد بن مالك الحمادى،</subfield>
    <subfield code="d">-approximately 1077.</subfield>
  </datafield>
  <datafield tag="880" ind1="1" ind2="0">
    <subfield code="6">245-02/(3/r</subfield>
    <subfield code="a">كشف الأسرار الباطنية و أخبار القرامطة /</subfield>
    <subfield code="c">تأليف محمد بن مالك بن أبى الفضائل الحمادى اليمانى ؛ بتقدمة و تعليق لمحمد زاهد بن الحسن الكوثرى ؛ نشره و صححه و راجع أصله عزت العطار.</subfield>
  </datafield>
  <datafield tag="880" ind1=" " ind2=" ">
    <subfield code="6">260-03/(3/r</subfield>
    <subfield code="a">[al-Qahirah] :</subfield>
    <subfield code="b">مطبعة الأنوار،</subfield>
    <subfield code="c">1939.</subfield>
  </datafield>
  <datafield tag="880" ind1="0" ind2=" ">
    <subfield code="6">700-04/(3/r</subfield>
    <subfield code="a">محمد زاهد بن الحسن الكوثرى.</subfield>
  </datafield>
  <datafield tag="955" ind1=" " ind2=" ">
    <subfield code="b">CU58836632</subfield>
    <subfield code="d">off,glx</subfield>
    <subfield code="e">893.796 H18</subfield>
  </datafield>
</record>
</collection>